@article{zhang2017stackgan++,
  title={Stackgan++: Realistic image synthesis with stacked generative adversarial networks},
  author={Zhang, Han and Xu, Tao and Li, Hongsheng and Zhang, Shaoting and Wang, Xiaogang and Huang, Xiaolei and Metaxas, Dimitris},
  journal={arXiv preprint arXiv:1710.10916},
  year={2017}
}
@article{radford2015dcgan,
  title={Unsupervised representation learning with deep convolutional generative adversarial networks},
  author={Radford, Alec and Metz, Luke and Chintala, Soumith},
  journal={arXiv preprint arXiv:1511.06434},
  year={2015}
}
@inproceedings{zhang2017stackgan,
  title={Stackgan: Text to photo-realistic image synthesis with stacked generative adversarial networks},
  author={Zhang, Han and Xu, Tao and Li, Hongsheng and Zhang, Shaoting and Wang, Xiaogang and Huang, Xiaolei and Metaxas, Dimitris N},
  booktitle={Proceedings of the IEEE International Conference on Computer Vision},
  pages={5907--5915},
  year={2017}
}
@article{mirza2014conditionalgan,
  title={Conditional generative adversarial nets},
  author={Mirza, Mehdi and Osindero, Simon},
  journal={arXiv preprint arXiv:1411.1784},
  year={2014}
}
@inproceedings{reed2016learning,
  title={Learning deep representations of fine-grained visual descriptions},
  author={Reed, Scott and Akata, Zeynep and Lee, Honglak and Schiele, Bernt},
  booktitle={Proceedings of the IEEE Conference on Computer Vision and Pattern Recognition},
  pages={49--58},
  year={2016}
}
@inproceedings{mikolov2013word2vec,
  title={Distributed representations of words and phrases and their compositionality},
  author={Mikolov, Tomas and Sutskever, Ilya and Chen, Kai and Corrado, Greg S and Dean, Jeff},
  booktitle={Advances in neural information processing systems},
  pages={3111--3119},
  year={2013}
}
@article{de2016representation,
  title={Representation learning for very short texts using weighted word embedding aggregation},
  author={De Boom, Cedric and Van Canneyt, Steven and Demeester, Thomas and Dhoedt, Bart},
  journal={Pattern Recognition Letters},
  volume={80},
  pages={150--156},
  year={2016},
  publisher={Elsevier}
}



